<record><leader>00000cas a2200000 a 4500</leader><controlfield tag="001">84902127</controlfield><controlfield tag="008">070223d20072016wauwn ne      0   a0nor  </controlfield><datafield ind1=" " ind2=" " tag="010"><subfield code="a">  2008204025</subfield></datafield><datafield ind1=" " ind2=" " tag="040"><subfield code="a">WRJ</subfield><subfield code="b">eng</subfield><subfield code="c">WRJ</subfield><subfield code="d">WRJ</subfield><subfield code="d">DLC</subfield><subfield code="d">WAU</subfield><subfield code="d">OCLCQ</subfield><subfield code="d">OCLCF</subfield><subfield code="d">OCLCA</subfield><subfield code="d">DLC</subfield></datafield><datafield ind1=" " ind2=" " tag="012"><subfield code="l">y</subfield><subfield code="m">d</subfield></datafield><datafield ind1="1" ind2=" " tag="022"><subfield code="a">1942-1389</subfield><subfield code="l">1942-1389</subfield><subfield code="y">1520-5061</subfield><subfield code="2">1</subfield></datafield><datafield ind1=" " ind2=" " tag="037"><subfield code="b">Norwegian American Weekly, 7301 5th Ave NE, Suite A, Seattle, WA 98115</subfield></datafield><datafield ind1="0" ind2=" " tag="041"><subfield code="a">nor</subfield><subfield code="a">eng</subfield></datafield><datafield ind1=" " ind2=" " tag="042"><subfield code="a">pcc</subfield><subfield code="a">nsdp</subfield></datafield><datafield ind1=" " ind2=" " tag="043"><subfield code="a">n-us-wa</subfield></datafield><datafield ind1="0" ind2="0" tag="050"><subfield code="a">CURRENT ISSUES ONLY</subfield></datafield><datafield ind1=" " ind2="0" tag="222"><subfield code="a">Norwegian American weekly</subfield></datafield><datafield ind1="0" ind2="0" tag="245"><subfield code="a">Norwegian American weekly.</subfield></datafield><datafield ind1="1" ind2="3" tag="246"><subfield code="a">Western Viking</subfield></datafield><datafield ind1=" " ind2=" " tag="260"><subfield code="a">Seattle, WA :</subfield><subfield code="b">Norway Posten of Seattle,</subfield><subfield code="c">2007-</subfield></datafield><datafield ind1=" " ind2=" " tag="300"><subfield code="a">v. :</subfield><subfield code="b">ill. ;</subfield><subfield code="c">44 cm.</subfield></datafield><datafield ind1=" " ind2=" " tag="310"><subfield code="a">Weekly (except last 2 weeks of July,</subfield><subfield code="b">1st two weeks of Aug. and last week of Dec.)</subfield></datafield><datafield ind1="0" ind2=" " tag="362"><subfield code="a">Vol. 118, no. 1 (Jan. 5, 2007)-</subfield></datafield><datafield ind1="1" ind2=" " tag="362"><subfield code="a">Ceased with Volume 127, #16 (April 29, 2016)</subfield></datafield><datafield ind1=" " ind2=" " tag="530"><subfield code="a">Also available online.</subfield></datafield><datafield ind1=" " ind2=" " tag="546"><subfield code="a">In English and Norwegian.</subfield></datafield><datafield ind1=" " ind2=" " tag="588"><subfield code="a">Latest issue consulted: Vol. 119, no. 37 (Oct. 17, 2008).</subfield></datafield><datafield ind1=" " ind2="0" tag="650"><subfield code="a">Norwegian Americans</subfield><subfield code="z">Washington (State)</subfield><subfield code="v">Newspapers.</subfield></datafield><datafield ind1=" " ind2="0" tag="650"><subfield code="a">Norwegians</subfield><subfield code="z">United States</subfield><subfield code="v">Newspapers.</subfield></datafield><datafield ind1=" " ind2="0" tag="651"><subfield code="a">Seattle (Wash.)</subfield><subfield code="v">Newspapers.</subfield></datafield><datafield ind1=" " ind2="7" tag="650"><subfield code="a">Norwegian Americans.</subfield><subfield code="2">fast</subfield><subfield code="0">(OCoLC)fst01039354</subfield></datafield><datafield ind1=" " ind2="7" tag="650"><subfield code="a">Norwegians.</subfield><subfield code="2">fast</subfield><subfield code="0">(OCoLC)fst01039481</subfield></datafield><datafield ind1=" " ind2="7" tag="651"><subfield code="a">United States.</subfield><subfield code="2">fast</subfield><subfield code="0">(OCoLC)fst01204155</subfield></datafield><datafield ind1=" " ind2="7" tag="651"><subfield code="a">Washington (State)</subfield><subfield code="2">fast</subfield><subfield code="0">(OCoLC)fst01204703</subfield></datafield><datafield ind1=" " ind2="7" tag="651"><subfield code="a">Washington (State)</subfield><subfield code="z">Seattle.</subfield><subfield code="2">fast</subfield><subfield code="0">(OCoLC)fst01204940</subfield></datafield><datafield ind1=" " ind2="7" tag="655"><subfield code="a">Newspapers.</subfield><subfield code="2">fast</subfield><subfield code="0">(OCoLC)fst01423814</subfield></datafield><datafield ind1=" " ind2=" " tag="752"><subfield code="a">United States</subfield><subfield code="b">Washington</subfield><subfield code="c">King</subfield><subfield code="d">Seattle.</subfield></datafield><datafield ind1="0" ind2="0" tag="780"><subfield code="t">Western Viking (Seattle, Wash.)</subfield><subfield code="x">1520-5061</subfield><subfield code="w">(DLC)sn 83045796</subfield><subfield code="w">(OCoLC)9665786</subfield></datafield><datafield ind1="0" ind2="5" tag="780"><subfield code="t">Norway times</subfield><subfield code="g">2008</subfield><subfield code="x">0891-6322</subfield><subfield code="w">(DLC)sn 84037021</subfield><subfield code="w">(OCoLC)10802915</subfield></datafield><datafield ind1="0" ind2="0" tag="785"><subfield code="t">Norwegian American (Seattle, Wash.)</subfield><subfield code="x">2473-1293</subfield><subfield code="w">(DLC)  2016202759</subfield><subfield code="w">(OCoLC)949022493</subfield></datafield></record>